<?xml version="1.0" encoding="utf-8"?>
<record xmlns="http://www.loc.gov/MARC21/slim" xmlns:xsi="http://www.w3.org/2001/XMLSchema-instance" xsi:schemaLocation="http://www.loc.gov/MARC21/slim http://www.loc.gov/standards/marcxml/schema/MARC21slim.xsd">
	<leader>     nam a22        4500</leader>
	<controlfield tag="001">002740895</controlfield>
	<controlfield tag="003">NNU</controlfield>
	<controlfield tag="006">m        d        </controlfield>
	<controlfield tag="007">cr cn |||m|||a</controlfield>
	<controlfield tag="008">150603s1953    ua      o     001 0 ara d</controlfield>
	<datafield ind1=" " ind2=" " tag="040">
		<subfield code="a">NNU</subfield>
		<subfield code="b">eng</subfield>
		<subfield code="c">NNU</subfield>
	</datafield>
	<datafield ind1="1" ind2=" " tag="100">
		<subfield code="a">Ibn al-Najjār, Taqī al-Dīn Muḥammad ibn Aḥmad,</subfield>
		<subfield code="d">1492 or 3-1564 or 5.</subfield>
	</datafield>
	<datafield ind1="1" ind2="0" tag="245">
		<subfield code="a">Sharḥ al-kawkab al-munīr, al-musammī, bi-Mukhtaṣar al-ṭahrīr, wa-al-musammī ayḍan, al-Mukhtaṣar al-mubtakar sharḥ al-mukhtaṣar fī uṣūl fiqh al-sādah al-Ḥanābilah</subfield>
		<subfield code="h">[electronic resource] /</subfield>
		<subfield code="c">taʼlīf Taqī al-Dīn Abī al-Baqaʼ Muḥammad ibn Shihāb al-Dīn Abī al-ʻAbbās Aḥmad ibn ʻAbd al-ʻAzīz ibn ʻAlī ibn Ibrāhīm al-Futūḥi ; bi-taḥqīq Muḥammad Ḥāmid al-Faqī.</subfield>
	</datafield>
	<datafield ind1=" " ind2=" " tag="250">
		<subfield code="a">Ṭabʻ 1.</subfield>
	</datafield>
	<datafield ind1=" " ind2=" " tag="260">
		<subfield code="a">[Cairo] :</subfield>
		<subfield code="b">Maktabat al-Sunnah al-Muḥammadīyah,</subfield>
		<subfield code="c">1953.</subfield>
	</datafield>
	<datafield ind1=" " ind2=" " tag="300">
		<subfield code="a">online resource (668, 8, 29 p.)</subfield>
	</datafield>
	<datafield ind1=" " ind2=" " tag="500">
		<subfield code="a">Includes index.</subfield>
	</datafield>
	<datafield ind1=" " ind2=" " tag="500">
		<subfield code="a">Part of the Arabic Collections Online (ACO) project, contributed by New York Univeristy Libraries.</subfield>
	</datafield>
	<datafield ind1=" " ind2=" " tag="533">
		<subfield code="a">Electronic reproduction.</subfield>
		<subfield code="b">New York, N.Y. :</subfield>
		<subfield code="c">New York University,</subfield>
		<subfield code="d">2015.</subfield>
		<subfield code="5">NNU</subfield>
	</datafield>
	<datafield ind1="1" ind2="0" tag="600">
		<subfield code="a">Mardāwī, ʻAlī ibn Sulaymān,</subfield>
		<subfield code="d">1414 or 15-1480 or 81.</subfield>
		<subfield code="t">Taḥrīr al-manqūl.</subfield>
	</datafield>
	<datafield ind1="2" ind2=" " tag="710">
		<subfield code="a">New York University.</subfield>
		<subfield code="b">Libraries.</subfield>
	</datafield>
	<datafield ind1="0" ind2=" " tag="730">
		<subfield code="a">Arabic Collections Online.</subfield>
	</datafield>
	<datafield ind1="0" ind2=" " tag="740">
		<subfield code="a">Mukhtaṣar al-taḥrīr.</subfield>
	</datafield>
	<datafield ind1="3" ind2=" " tag="740">
		<subfield code="a">al-Mukhtaṣar al-mubtakar sharḥ al-mukhtaṣar fī uṣūl fiqh al-sādah al-Ḥanābilah.</subfield>
	</datafield>
	<datafield ind1="0" ind2="8" tag="776">
		<subfield code="i">Print version:</subfield>
		<subfield code="a">Ibn al-Najjār, Taqī al-Dīn Muḥammad ibn Aḥmad, 1492 or 3-1564 or 5.</subfield>
		<subfield code="t">Sharḥ al-kawkab al-munīr, al-musammī, bi-Mukhtaṣar al-ṭahrīr, wa-al-musammī ayḍan, al-Mukhtaṣar al-mubtakar sharḥ al-mukhtaṣar fī uṣūl fiqh al-sādah al-Ḥanābilah</subfield>
		<subfield code="w">(NNU)002740895</subfield>
	</datafield>
	<datafield ind1="4" ind2="0" tag="856">
		<subfield code="u">http://hdl.handle.net/2333.1/s1rn8s3m</subfield>
	</datafield>
	<datafield ind1=" " ind2=" " tag="959">
		<subfield code="a">NNU</subfield>
		<subfield code="b">WEB</subfield>
		<subfield code="c">GENI</subfield>
		<subfield code="t">0</subfield>
		<subfield code="m">Electronic access</subfield>
		<subfield code="s">01</subfield>
	</datafield>
	<datafield ind1=" " ind2=" " tag="999">
		<subfield code="i">NNU_002740895</subfield>
		<subfield code="s">nyu_aco000696</subfield>
		<subfield code="e">(ERROR-880)</subfield>
	</datafield>
</record>
